%% 전통적 참고문헌: 책, 일반 서적 등

% 2021.10.12., page 1312
@book{halliday12f,
  author    = {David Halliday and Robert Resnick and Jearl Walker},
  title     = {Fundamentals of Physics},
  publisher = {John Wiley \& Sons Inc, United States},
  year      = {2021},
  edition   = {12th},
  isbn13    = {9781119820611},
  isbn10    = {1119801141}
}

% 2023.08.13., page 1456
@book{halliday12p,
  author    = {David Halliday and Robert Resnick and Jearl Walker},
  title     = {Principles of Physics},
  publisher = {John Wiley \& Sons Inc, United States},
  year      = {2023},
  edition   = {12th},
  isbn13    = {9781119820611},
  isbn10    = {1119820618}
}

% 2025.01.31., page 1188
@book{halliday12p_k,
  author    = {David Halliday and Robert Resnick and Jearl Walker},
  title     = {일반물리학},
  publisher = {텍스트북스},
  year      = {2025},
  edition   = {12th},
  isbn13    = {9791191679410},
  isbn10    = {1191679411}
}
