%% 웹사이트, 블로그, 통계청 등 온라인 출처

@online{statskorea2023,
  author    = {{통계청}},
  title     = {2023년 청소년 과학 인식 조사 결과},
  year      = {2023},
  url       = {https://kostat.go.kr/portal/korea/kor_nw/1/1/index.board},
  note      = {접속일: 2024-12-31}
}
