%% 논문 전용
% 예시임
@article{kim2021sigfig,
  author  = {Kim, Sung-Jin and Lee, Hyun-Woo},
  title   = {Students’ Understanding and Application of Significant Figures in Physics Experiments},
  journal = {Journal of Science Education Research},
  year    = {2021},
  volume  = {45},
  number  = {3},
  pages   = {211--230},
  doi     = {10.1234/jsr.2021.45.3.211}
}
