%% 전통적 참고문헌: 책, 일반 서적 등

@book{halliday2022,
  author    = {David Halliday and Robert Resnick and Jearl Walker},
  title     = {Fundamentals of Physics},
  publisher = {Wiley},
  year      = {2022},
  edition   = {11},
  isbn      = {9781119773518}
}
